
@ARTICLE {skl,
    author  = "Pedregosa F and Varoquaux G and Gramfort A and Michel V and Thirion B and Grisel O, et al.",
    title   = "Scikit-learn: Machine Learning in Python",
    journal = "Journal of Machine Learning Research",
    year    = "2011",
    volume  = "12",
    pages   = "2825-2830"
}

@misc{mallet,
    title={MALLET: A Machine Learning for Language Toolkit},
    url={http://mallet.cs.umass.edu/},
    author={McCallum, Andrew Kachites},
    year={2002}
}

@inproceedings{gensim,
      title = {{Software Framework for Topic Modelling with Large Corpora}},
      author = {Radim {\v R}eh{\r u}{\v r}ek and Petr Sojka},
      booktitle = {{Proceedings of the LREC 2010 Workshop on New
           Challenges for NLP Frameworks}},
      pages = {45--50},
      year = 2010,
      month = {May},
      day = 22,
      publisher = {ELRA},
      address = {Valletta, Malta},
      note={\url{http://is.muni.cz/publication/884893/en}},
      language={English}
}

@misc{hoc,
    title={How Netflix built a House of Cards with big data},
    url={https://www.cio.com/article/3207670/big-data/how-netflix-built-a-house-of-cards-with-big-data.html},
    journal={CIO},
    publisher={IDG Communications, Inc.},
    author={Petraetis, Greg},
    year={2017},
    month={Jul}
}

@article{film1,
  title={The structure of narrative: the case of film scripts},
  author={Murtagh, Fionn and Ganz, Adam and McKie, Stewart},
  journal={Pattern Recognition},
  volume={42},
  number={2},
  pages={302--312},
  year={2009},
  publisher={Elsevier}
}

@INPROCEEDINGS{film2, 
author={S. H. Lee and H. Y. Yu and Y. G. Cheong}, 
booktitle={2017 IEEE Third International Conference on Big Data Computing Service and Applications (BigDataService)}, 
title={Analyzing Movie Scripts as Unstructured Text}, 
year={2017}, 
volume={}, 
number={}, 
pages={249-254}, 
keywords={learning (artificial intelligence);natural language processing;text analysis;machine learning techniques;movie script analysis;narrative flow;narrative structure;natural language processing;storytelling;unstructured text;Filtering;HTML;Interpolation;Motion pictures;Natural language processing;Smoothing methods;Splines (mathematics);data analysis;movie;narrative;scenario;script}, 
doi={10.1109/BigDataService.2017.43}, 
ISSN={}, 
month={April},}

@InProceedings{kaggle,

  author={Cristian Danescu-Niculescu-Mizil and Lillian Lee},

  title={Chameleons in imagined conversations: 

  A new approach to understanding coordination of linguistic style in dialogs.},

  booktitle={Proceedings of the 

        Workshop on Cognitive Modeling and Computational Linguistics, ACL 2011},

  year={2011}

}