
@ARTICLE {skl,
    author  = "Pedregosa F and Varoquaux G and Gramfort A and Michel V and Thirion B and Grisel O, et al.",
    title   = "Scikit-learn: Machine Learning in Python",
    journal = "Journal of Machine Learning Research",
    year    = "2011",
    volume  = "12",
    pages   = "2825-2830"
}

@article{quinlan,
  title={Induction of decision trees},
  author={Quinlan, J. Ross},
  journal={Machine learning},
  volume={1},
  number={1},
  pages={81--106},
  year={1986},
  publisher={Springer}
}

@BOOK{mlapp,
  place={Cambridge, Mass.},
  title={Machine Learning: A Probabilistic Perspective},
  publisher={MIT Press},
  author={Murphy, Kevin P.},
  year={2013}
}

@book{stan,
  added-at = {2008-05-16T16:17:42.000+0200},
  address = {New York, NY, USA},
  author = {Hastie, Trevor and Tibshirani, Robert and Friedman, Jerome},
  biburl = {https://www.bibsonomy.org/bibtex/2f58afc5c9793fcc8ad8389824e57984c/sb3000},
  interhash = {d585aea274f2b9b228fc1629bc273644},
  intrahash = {f58afc5c9793fcc8ad8389824e57984c},
  keywords = {ml statistics},
  publisher = {Springer New York Inc.},
  series = {Springer Series in Statistics},
  timestamp = {2008-05-16T16:17:43.000+0200},
  title = {The Elements of Statistical Learning},
  year = 2001
}

@article{evic,
author = {Desmond, Matthew and Kimbro, Rachel Tolbert},
title = {Eviction's Fallout: Housing, Hardship, and Health},
journal = {Social Forces},
volume = {94},
number = {1},
pages = {295-324},
year = {2015},
doi = {10.1093/sf/sov044},
URL = { + http://dx.doi.org/10.1093/sf/sov044},
eprint = {/oup/backfile/content_public/journal/sf/94/1/10.1093_sf_sov044/3/sov044.pdf}
}