
@ARTICLE {skl,
    author  = "Pedregosa F and Varoquaux G and Gramfort A and Michel V and Thirion B and Grisel O, et al.",
    title   = "Scikit-learn: Machine Learning in Python",
    journal = "Journal of Machine Learning Research",
    year    = "2011",
    volume  = "12",
    pages   = "2825-2830"
}

@Misc{scipy,
  author =    {Eric Jones and Travis Oliphant and Pearu Peterson and others},
  title =     {{SciPy}: Open source scientific tools for {Python}},
  year =      {2001},
  url = "http://www.scipy.org/",
  note = {[Online; accessed 4/9/2018]}
}

@Misc{imdb,
  author =    {Davide Alberani and Alberto Malagoli},
  title =     {IMDbPY},
  year =      {2010},
  url = "https://imdbpy.sourceforge.io/",
  note = {[Online; accessed 4/9/2018]}
}


@misc{view,
    title={Netflix now has nearly 118 million streaming subscribers globally},
    url={https://www.recode.net/2018/1/22/16920150/netflix-q4-2017-earnings-subscribers},
    journal={Recode},
    publisher={Vox Media, Inc.},
    author={Molla, Rani},
    year={2018},
    month={Jan}
}

@misc{money,
    title={Netflix joins the exclusive \$100 billion club},
    url={http://money.cnn.com/2018/01/23/investing/netflix-100-billion-market-value/index.html},
    journal={CNNMoney},
    publisher={Cable News Network},
    author={La Monica, Paul R.},
    year={2018},
    month={Jan}
}

@article{bellkor,
  title={The BellKor Solution to the Netflix Grand Prize},
  author={Koren, Yehuda},
  journal={Netflix prize documentation},
  volume={81},
  pages={1--10},
  year={2009}
}

@BOOK{mlapp,
  place={Cambridge, Mass.},
  title={Machine Learning: A Probabilistic Perspective},
  publisher={MIT Press},
  author={Murphy, Kevin P.},
  year={2013}
}

