
@ARTICLE {skl,
    author  = "Pedregosa F and Varoquaux G and Gramfort A and Michel V and Thirion B and Grisel O, et al.",
    title   = "Scikit-learn: Machine Learning in Python",
    journal = "Journal of Machine Learning Research",
    year    = "2011",
    volume  = "12",
    pages   = "2825ˆ-2830"
}

@BOOK{mlapp, place={Cambridge, Mass.}, title={Machine Learning: A Probabilistic Perspective}, publisher={MIT Press}, author={Murphy, Kevin P.}, year={2013}}

@BOOK {svm,
    author    = "Thorsten Joachims",
    title     = "Learning to Classify Text Using Support Vector Machines",
    publisher = "Springer-Verlag New York Inc",
    year      = "2002"
}

@InProceedings{stanford,
  author    = {Manning, Christopher D. and  Surdeanu, Mihai  and  Bauer, John  and  Finkel, Jenny  and  Bethard, Steven J. and  McClosky, David},
  title     = {The {Stanford} {CoreNLP} Natural Language Processing Toolkit},
  booktitle = {Association for Computational Linguistics (ACL) System Demonstrations},
  year      = {2014},
  pages     = {55--60},
  url       = {http://www.aclweb.org/anthology/P/P14/P14-5010}
}